% global references for all papers in the series
% copy and paste on all papers (if reference is not cited, it won't appear on the paper)
% region: my papers
@article{cao_intro_match,
  title     = {{Introduction to Quantitative Career Matching: How to Statistically Pick the Right Occupation}},
  author    = {Cao Bittencourt},
  journal   = {Econometrics and Statistics},
  year      = {2024},
  publisher = {{Elsavier}}
}

@article{cao_gene_comp,
  title     = {{Generalists vs Specialists: Who Are the Most Competent Workers?}},
  author    = {Cao Bittencourt},
  journal   = {Econometrics and Statistics},
  year      = {2024},
  publisher = {{Elsavier}}
}

% endregion
% region: my programming repos / packages
@online{atlas.match,
  title  = {{atlas.match: Quantitative Career Matching}},
  author = {Cao Bittencourt},
  year   = {2024},
  url    = {https://github.com/CaoBittencourt/atlas.match}
}

@online{atlas.aeq,
  title  = {{atlas.aeq: An Attribute Equivalence Coefficient for Skill Set Analyses}},
  author = {Cao Bittencourt},
  year   = {2024},
  url    = {https://github.com/CaoBittencourt/atlas.eqvl}
}

@online{atlas.gene,
  title  = {{atlas.gene: A Skill Set Generality Coefficient}},
  author = {Cao Bittencourt},
  year   = {2024},
  url    = {https://github.com/CaoBittencourt/atlas.gene}
}

@online{atlas.comp,
  title  = {{atlas.comp: A Skill Set Competence Coefficient}},
  author = {Cao Bittencourt},
  year   = {2024},
  url    = {https://github.com/CaoBittencourt/atlas.comp}
}

@online{repo_intro_career_matching,
  title  = {{Scripts and Data for ``Introduction to Quantitative Career Matching: How to Statistically Pick the Right Occupation"}},
  author = {Cao Bittencourt},
  year   = {2024},
  url    = {https://github.com/CaoBittencourt/introduction-matching}
}

@online{repo_gene_comp,
  title  = {{Scripts and Data for ``Generalists vs Specialists: Who Are the Most Competent Workers?"}},
  author = {Cao Bittencourt},
  year   = {2024},
  url    = {https://github.com/CaoBittencourt/gene-comp}
}
% endregion
% region: other programming repos / packages 

% endregion
% region: data sources 
@article{mariani1999onet,
  title     = {{Replace with a database: O*NET replaces the Dictionary of Occupational Titles.}},
  author    = {Mariani, M},
  journal   = {Occupational Outlook Quarterly},
  year      = {1999},
  publisher = {{U.S. Bureau of Labor Statistics}}
}

@online{onet2024about,
  title       = {{About O*NET. O*NET Resource Center.}},
  author      = {{National Center for O*NET Development}},
  shortauthor = {O*NET},
  year        = {2024},
  url         = {https://www.onetcenter.org/overview.html}
}

@online{onet2023data,
  title       = {{O*NET 27.3. O*NET Database Releases Archive. O*NET Resource Center.}},
  author      = {{National Center for O*NET Development}},
  shortauthor = {O*NET},
  year        = {2023},
  url         = {https://www.onetcenter.org/db_releases.html}
}

@online{onet1998data,
  title       = {{O*NET 98. O*NET Transitional Databases. O*NET Resource Center.}},
  author      = {{National Center for O*NET Development}},
  shortauthor = {O*NET},
  year        = {1998},
  url         = {https://www.onetcenter.org/db_transitional.html}
}

@online{bls2018soc,
  title       = {{2018 SOC System. About SOC.}},
  author      = {{U.S. Bureau of Labor Statistics}},
  shortauthor = {BLS},
  year        = {2018},
  url         = {https://www.bls.gov/soc/2018/#materials}
}

@online{bls2022data,
  title       = {{Occupational Employment and Wage Statistics (OEWS) Survey}},
  author      = {{U.S. Bureau of Labor Statistics}},
  shortauthor = {BLS},
  year        = {2022},
  url         = {https://www.bls.gov/oes/special-requests/oesm22nat.zip}
}

@online{onet_art,
  title       = {{Fine Artists, Including Painters, Sculptors, and Illustrators}},
  author      = {{National Center for O*NET Development}},
  shortauthor = {O*NET},
  year        = {2024},
  url         = {https://www.onetonline.org/link/summary/27-1013.00}
}

@online{onet_pilot,
  title       = {{Airline Pilots, Copilots, and Flight Engineers}},
  author      = {{National Center for O*NET Development}},
  shortauthor = {O*NET},
  year        = {2024},
  url         = {https://www.onetonline.org/link/summary/53-2011.00}
}

@online{onet_surgeon,
  title       = {{Surgeons, All Other}},
  author      = {{National Center for O*NET Development}},
  shortauthor = {O*NET},
  year        = {2024},
  url         = {https://www.onetonline.org/link/summary/29-1249.00}
}

@online{onet_publications,
  title       = {{Reports and Documents. O*NET Resource Center}},
  author      = {{National Center for O*NET Development}},
  shortauthor = {O*NET},
  year        = {2024},
  url         = {https://www.onetcenter.org/research.html}
}


% endregion
% region: economic references 
@book{schütt_human_capital,
  author    = {Schütt, F.},
  publisher = {Bremen: University of Bremen},
  title     = {The Importance of Human Capital for Economic Growth},
  year      = {2003}
}

@article{romer_human_capital,
  author  = {Romer, Paul M.},
  journal = {National Bureau of Economic Research},
  title   = {Human capital and growth: theory and evidence},
  year    = {1989}
}

@book{romer_macro,
  author    = {Romer, David},
  publisher = {New York: New York: McGraw-Hill/Irwin},
  title     = {Advanced macroeconomics, 2nd edition},
  year      = {2012}
}

@book{jehle_reny_micro,
  author    = {Jehle, G. and Reny, P.},
  publisher = {Financial Times Prentice Hall, London},
  title     = {Advanced Microeconomic Theory},
  year      = {2011}
}

@article{barro_1991,
  author  = {Barro, Robert J.},
  journal = {Quarterly Journal of Economics},
  number  = {2},
  title   = {Economic growth in a cross-section of countries},
  volume  = {106},
  year    = {1991},
  pages   = {407-443}
}

@article{barro_1998,
  author  = {Barro, Robert J.},
  journal = {Quarterly Journal of Economics},
  number  = {2},
  title   = {Human capital and growth in cross-country regressions, manuscript},
  volume  = {106},
  year    = {1998},
  pages   = {407-443}
}

@article{mankiw_et_al_1992,
  author  = {Mankiw, N. Gregory and Romer, David and Weil, David},
  journal = {Quarterly Journal of Economics},
  number  = {2},
  title   = {A contribution to the empirics of economic growth},
  volume  = {107},
  year    = {1992},
  pages   = {407-437}
}

@article{barro_lee_2001,
  author  = {Barro, Robert J. and Lee, Jong-Wha},
  journal = {Oxford Economic Papers},
  number  = {3},
  title   = {International data on educational attainment: updates and implications},
  volume  = {53},
  year    = {2001},
  pages   = {541-563}
}

@book{becker1994,
  author    = {Becker, Gary},
  publisher = {The University of Chicago Press},
  title     = {Human Capital: A theoretical and empirical analysis with special reference to Education.},
  year      = {1994}
}

@article{becker1962,
  author  = {Becker, Gary},
  journal = {The University of Chicago Press},
  number  = {5},
  title   = {Investment in Human Capital: A Theoretical Analysis},
  volume  = {70},
  year    = {1962}
}

@article{lucas_1988,
  author  = {Lucas, R.E.},
  journal = {Journal of Monetary Economics},
  title   = {On the mechanics of economic development},
  volume  = {22},
  year    = {1988},
  pages   = {3-42}
}

@article{uhr_et_al_2020,
  author  = {Uhr, Daniel de Abreu Pereira and Paula, Silvio da Rosa and Ferreira, Mariana Fialho and Passos, Marcelo de Oliveira and Uhr, Julia Gallego Ziero},
  journal = {Revista Brasileira de Economia},
  title   = {Economic Growth Channels From Human Capital: A Dynamic Panel Analysis for Brazil},
  volume  = {74},
  number  = {1},
  year    = {2020},
  pages   = {95-118}
}

@book{mulligan_sala_1995,
  author  = {Sala-i-Martin, X. and Mulligan, C. B.},
  publisher = {New Haven, Connecticut: Yale University.},
  title   = {Measuring aggregate human capital},
  year    = {1995},
}

@article{nelson_phelps_1966,
  author  = {Nelson, R. R. and Phelps, E. S.},
  journal = {The American Economic Review},
  title   = {Investment in humans, technological diffusion, and economic growth.},
  volume  = {56},
  number  = {1},
  year    = {1966},
  pages   = {69-75}
}

@article{tom_behavioral_labor_econ,
  author = {Thomas Dohmen},
  journal = {Labour Economics},
  title = {Behavioral labor economics: Advances and future directions},
  volume = {30},
  year = {2014},
  pages = {71-85},
}

@article{winter_behavioral_labor_econ,
  author = {Winter-Ebmer, Rudolf},
  journal = {Labour Economics},
  title = {What is (not) behavioural in labour economics?},
  volume = {30},
  year = {2014},
  pages = {86-87},
}

@inbook{berg_behavioral_labor_econ,
  author = {Berg, Nathan and Altman, Morris},
  chapter = {Behavioral Labor Economics},
  publisher = {Routledge},
  title = {Handbook of Contemporary Behavioral Economics: Foundations and Developments},
  year = {2015}
}

% endregion
% region: psychometric references 
@article{holland1959theory,
  title     = {{A Theory of Vocational Choice.}},
  author    = {Holland, John L},
  journal   = {Journal of Counseling Psychology},
  volume    = {6},
  number    = {1},
  pages     = {35},
  year      = {1959},
  publisher = {Wm. C. Brown Co.}
}

@book{holland1997making,
  title     = {{Making vocational choices: A theory of vocational personalities and work environments.}},
  author    = {Holland, John L},
  year      = {1997},
  publisher = {Psychological Assessment Resources}
}

@book{schein1978careerdynamics,
  title     = {{Career Dynamics: Matching Individual and Organizational Needs}},
  author    = {Schein, E. H},
  year      = {1978},
  publisher = {London, Addison Wesley}
}

@book{schein1993careeranchors,
  title     = {{Career Anchors -- Discovering your real values}},
  author    = {Schein, E. H},
  year      = {1993},
  publisher = {London, Pfeiffer \& Company}
}

@book{mmpi3,
  author    = {Ben-Porath, Y. S. and Tellegen, A.},
  publisher = {University of Minnesota Press},
  title     = {{Minnesota Multiphasic Personality Inventory-3 (MMPI-3)}},
  year      = {2020}
}

@book{stanford_binet5,
  author    = {Roid, G. H.},
  publisher = {Itasca: Riverside Publishing},
  title     = {Stanford-Binet Intelligence Scales, Fifth Edition},
  year      = {2012}
}

@book{wisc5,
  author    = {Wechsler, D.},
  publisher = {Bloomington: Pearson},
  title     = {Wechsler Intelligence Scale for Children, Fifth Edition},
  year      = {2014}
}

@book{epi,
  author    = {Eysenck, Hans Jürgen and Eysenck, Sybil B. G.},
  publisher = {London: Hodder and Stoughton},
  title     = {Manual of the Eysenck Personality Questionnaire},
  year      = {1975}
}

@inbook{bigfive,
  author    = {Costa, P. T. Jr. and McCrae, R. R.},
  chapter   = {{The Revised NEO Personality Inventory (NEO-PI-R)}},
  editor    = {Boyle, G. J. and Matthews, G. and Saklofske, D. H.},
  pages     = {179-198},
  publisher = {Sage Publications},
  title     = {The SAGE handbook of personality theory and assessment, Vol. 2. Personality measurement and testing},
  year      = {2008}
}

% endregion
% region: other references 
@book{ipa,
  author    = {{International Phonetic Association}},
  publisher = {Cambridge: Cambridge University Press},
  title     = {{Handbook of the International Phonetic Association: A guide to the use of the International Phonetic Alphabet}},
  year      = {1999}
}

@article{gippity2024,
author = {Eloundou, Tyna and Manning, Sam and Mishkin, Pamela and Rock, Daniel},
title = {GPTs are GPTs: Labor market impact potential of LLMs},
journal = {Science},
volume = {384},
number = {6702},
pages = {1306-1308},
year = {2024}
}

% endregion
