@article{lalala,
  title={{lalala.}},
  author={Lalala, L},
  journal={lalala},
  volume={},
  number={},
  pages={},
  year={1919},
  publisher={lalala}
}

@book{dsds,
  title={{dsds.}},
  author={Ds, D. S.},
  year={1919},
  publisher={dsds}
}

@online{dsdsds,
    title={{dsdsds}},
    author={{dsdsds}},
    shortauthor={ds},
    year={1919},
    url={}
}
