% global references for all papers in the series
% copy and paste on all papers (if reference is not cited, it won't appear on the paper)
% region: my papers
@article{cao_intro_match,
  title     = {{Introduction to Quantitative Career Matching: How to Statistically Pick the Right Occupation}},
  author    = {Cao Bittencourt},
  journal   = {Econometrics and Statistics},
  year      = {2024},
  publisher = {{Elsavier}}
}

@article{cao_gene_comp,
  title     = {{Generalists vs Specialists: Who Are the Most Competent Workers?}},
  author    = {Cao Bittencourt},
  journal   = {Econometrics and Statistics},
  year      = {2024},
  publisher = {{Elsavier}}
}

% endregion
% region: my programming repos / packages
@online{atlas.match,
  title  = {{atlas.match: Quantitative Career Matching}},
  author = {Cao Bittencourt},
  year   = {2024},
  url    = {https://github.com/CaoBittencourt/atlas.match}
}

@online{atlas.aeq,
  title  = {{atlas.aeq: An Attribute Equivalence Coefficient for Skill Set Analyses}},
  author = {Cao Bittencourt},
  year   = {2024},
  url    = {https://github.com/CaoBittencourt/atlas.eqvl}
}

@online{atlas.gene,
  title  = {{atlas.gene: A Skill Set Generality Coefficient}},
  author = {Cao Bittencourt},
  year   = {2024},
  url    = {https://github.com/CaoBittencourt/atlas.gene}
}

@online{atlas.comp,
  title  = {{atlas.comp: A Skill Set Competence Coefficient}},
  author = {Cao Bittencourt},
  year   = {2024},
  url    = {https://github.com/CaoBittencourt/atlas.comp}
}

@online{repo_intro_career_matching,
  title  = {{Scripts and Data for ``Introduction to Quantitative Career Matching: How to Statistically Pick the Right Occupation"}},
  author = {Cao Bittencourt},
  year   = {2024},
  url    = {https://github.com/CaoBittencourt/introduction-matching}
}
% endregion
% region: other programming repos / packages 

% endregion
% region: data sources 
@article{mariani1999onet,
  title     = {{Replace with a database: O*NET replaces the Dictionary of Occupational Titles.}},
  author    = {Mariani, M},
  journal   = {Occupational Outlook Quarterly},
  year      = {1999},
  publisher = {{U.S. Bureau of Labor Statistics}}
}

@online{onet2024about,
  title       = {{About O*NET. O*NET Resource Center.}},
  author      = {{National Center for O*NET Development}},
  shortauthor = {O*NET},
  year        = {2024},
  url         = {https://www.onetcenter.org/overview.html}
}

@online{onet2023data,
  title       = {{O*NET 27.3. O*NET Database Releases Archive. O*NET Resource Center.}},
  author      = {{National Center for O*NET Development}},
  shortauthor = {O*NET},
  year        = {2023},
  url         = {https://www.onetcenter.org/db_releases.html}
}

@online{onet1998data,
  title       = {{O*NET 98. O*NET Transitional Databases. O*NET Resource Center.}},
  author      = {{National Center for O*NET Development}},
  shortauthor = {O*NET},
  year        = {1998},
  url         = {https://www.onetcenter.org/db_transitional.html}
}

@online{bls2018soc,
  title       = {{2018 SOC System. About SOC.}},
  author      = {{U.S. Bureau of Labor Statistics}},
  shortauthor = {BLS},
  year        = {2018},
  url         = {https://www.bls.gov/soc/2018/#materials}
}

@online{bls2022data,
  title       = {{Occupational Employment and Wage Statistics (OEWS) Survey}},
  author      = {{U.S. Bureau of Labor Statistics}},
  shortauthor = {BLS},
  year        = {2022},
  url         = {https://www.bls.gov/oes/special-requests/oesm22nat.zip}
}

% endregion
% region: references 
@article{holland1959theory,
  title     = {{A Theory of Vocational Choice.}},
  author    = {Holland, John L},
  journal   = {Journal of Counseling Psychology},
  volume    = {6},
  number    = {1},
  pages     = {35},
  year      = {1959},
  publisher = {Wm. C. Brown Co.}
}

@book{holland1997making,
  title     = {{Making vocational choices: A theory of vocational personalities and work environments.}},
  author    = {Holland, John L},
  year      = {1997},
  publisher = {Psychological Assessment Resources}
}

@book{schein1978careerdynamics,
  title     = {{Career Dynamics: Matching Individual and Organizational Needs}},
  author    = {Schein, E. H},
  year      = {1978},
  publisher = {London, Addison Wesley}
}

@book{schein1993careeranchors,
  title     = {{Career Anchors -- Discovering your real values}},
  author    = {Schein, E. H},
  year      = {1993},
  publisher = {London, Pfeiffer \& Company}
}

% endregion
