% beta reg
% https://www.ime.usp.br/~sferrari/beta.pdf
% https://doi.org/10.18637/jss.v034.i02